<?xml version="1.0" encoding="UTF-8"?><collection xmlns="http://www.loc.gov/MARC21/slim"><record><leader>00662nam--2200181-i-4500</leader><controlfield tag="001">000015136</controlfield><controlfield tag="002">20161230</controlfield><controlfield tag="005">20161230201031</controlfield><controlfield tag="008">060222s1000------------r-----000-0-eng-d</controlfield><datafield ind1=" " ind2=" " tag="040"><subfield code="a">IFIN-HH</subfield></datafield><datafield ind1=" " ind2=" " tag="080"><subfield code="a">061.3:543.422.8:537.531</subfield></datafield><datafield ind1="1" ind2=" " tag="100"><subfield code="a">Mueller, William M</subfield></datafield><datafield ind1="1" ind2="0" tag="245"><subfield code="a">Advances in x-ray analysis</subfield><subfield code="b">Volume 7. proceedings of the twelfth annual conference on applications ofn x-ray analysis held august 7-9, 1963</subfield><subfield code="c">William m. mueller, gavin mallett, marie fay (eds.)</subfield></datafield><datafield ind1=" " ind2=" " tag="260"><subfield code="a">New York</subfield><subfield code="b">Plemun Press Inc</subfield><subfield code="c">1964</subfield></datafield><datafield ind1=" " ind2=" " tag="490"><subfield code="a">Advances In X-ray Analysis. Proceedings</subfield></datafield><datafield ind1="1" ind2=" " tag="700"><subfield code="a">Fay, Marie</subfield><subfield code="e">Ed</subfield></datafield><datafield ind1=" " ind2=" " tag="852"><subfield code="a">15913</subfield><subfield code="c">537.531</subfield></datafield><datafield ind1=" " ind2=" " tag="CAT"><subfield code="a">Sys</subfield><subfield code="c">20110808</subfield><subfield code="h">143240</subfield></datafield></record></collection>